@inproceedings{fm2015-sjrg,
  author = {Alexey Solovyev and Charles Jacobsen and Zvonimir Rakamari\'c
    and Ganesh Gopalakrishnan},
  title = {Rigorous Estimation of Floating-Point Round-off Errors with
    Symbolic {Taylor} Expansions},
  booktitle = {Proceedings of the 20th International Symposium on Formal Methods (FM)},
  series = {Lecture Notes in Computer Science},
  volume = {9109},
  publisher = {Springer},
  editor = {Nikolaj Bj{\o}rner and Frank de Boer},
  year = {2015},
  pages = {532--550},
}

@inproceedings{alliot2012finding,
  title={Finding and Proving the Optimum: Cooperative Stochastic and Deterministic Search.},
  author={Alliot, Jean-Marc and Durand, Nicolas and Gianazza, David and Gotteland, Jean-Baptiste},
  booktitle={ECAI},
  pages={55--60},
  year={2012}
}

@article{bailey2013high,
  title={High-precision arithmetic: Progress and challenges},
  author={Bailey, David H and Borwein, Jonathan M},
  year={2013},
  publisher={Citeseer}
}

@techreport{blair1992patriot,
  title={Patriot missile defense: Software problem led to system failure at dhahran},
  author={Blair, Michael and Obenski, Sally and Bridickas, Paula},
  year={1992},
  institution={saudi arabia. Technical report, US Government Accountability Office (GAO)}
}

@book{leland2010american,
  title={American war and military operations casualties: Lists and statistics},
  author={Leland, Anne},
  year={2010},
  publisher={DIANE Publishing}
}
