@inproceedings{fm2015-sjrg,
  author = {Alexey Solovyev and Charles Jacobsen and Zvonimir Rakamari\'c
    and Ganesh Gopalakrishnan},
  title = {Rigorous Estimation of Floating-Point Round-off Errors with
    Symbolic {Taylor} Expansions},
  booktitle = {Proceedings of the 20th International Symposium on Formal Methods (FM)},
  series = {Lecture Notes in Computer Science},
  volume = {9109},
  publisher = {Springer},
  editor = {Nikolaj Bj{\o}rner and Frank de Boer},
  year = {2015},
  pages = {532--550},
}

@inproceedings{alliot2012finding,
  title={Finding and Proving the Optimum: Cooperative Stochastic and Deterministic Search.},
  author={Alliot, Jean-Marc and Durand, Nicolas and Gianazza, David and Gotteland, Jean-Baptiste},
  booktitle={ECAI},
  pages={55--60},
  year={2012}
}


